<collection xmlns="http://www.loc.gov/MARC21/slim">
<record>
  <leader>01782nam0a22003131i 450 </leader>
  <controlfield tag="001">IT\ICCU\CNCE\045477</controlfield>
  <controlfield tag="005">20081027000000.0</controlfield>
  <datafield tag="012" ind1=" " ind2=" ">
    <subfield code="a">.&amp;i- uao- ton- pocu (3) 1574 (A)</subfield>
    <subfield code="2">fei</subfield>
  </datafield>
  <datafield tag="100" ind1=" " ind2=" ">
    <subfield code="a">19990125d1574        0itac0103    ba</subfield>
  </datafield>
  <datafield tag="101" ind1=" " ind2=" ">
    <subfield code="a">ITA</subfield>
    <subfield code="a">LAT</subfield>
  </datafield>
  <datafield tag="102" ind1=" " ind2=" ">
    <subfield code="a">IT</subfield>
  </datafield>
  <datafield tag="200" ind1="1" ind2=" ">
    <subfield code="a">℗La ℗descrittione de l&apos;isola de la Madera, gia scritta ne la lingua latina, dal molto ill. signor conte Giulio Landi, et hora tradotta dal latino ne la nostra materna lingua, dal reuerendo m. Alemanio Fini, ne la quale si contengono molto belle, e deletteuoli narrationi; e massimamente l&apos;agricoltura del zucchero, e li costumi de gli huomini di quel paese ... v&apos; ̈posta anco la Descrittione latina del primo autore di tutte le souradette cose, acci ̣possa il lettore leggere in quella lingua che sia piu di gusto suo</subfield>
  </datafield>
  <datafield tag="210" ind1=" " ind2=" ">
    <subfield code="a">In Piacenza</subfield>
    <subfield code="c">appresso Francesco Conti</subfield>
    <subfield code="d">1574</subfield>
  </datafield>
  <datafield tag="215" ind1=" " ind2=" ">
    <subfield code="a">96 p.</subfield>
    <subfield code="d">8ʻ</subfield>
  </datafield>
  <datafield tag="620" ind1=" " ind2=" ">
    <subfield code="a">IT</subfield>
    <subfield code="d">Piacenza</subfield>
  </datafield>
  <datafield tag="700" ind1=" " ind2="1">
    <subfield code="a">Landi,</subfield>
    <subfield code="b">Giulio</subfield>
    <subfield code="3">IT\ICCU\CNCA\000050</subfield>
  </datafield>
  <datafield tag="702" ind1=" " ind2="1">
    <subfield code="a">Fino,</subfield>
    <subfield code="b">Alemanio</subfield>
    <subfield code="3">IT\ICCU\CNCA\001025</subfield>
  </datafield>
  <datafield tag="712" ind1="0" ind2="0">
    <subfield code="a">Conti, Francesco</subfield>
    <subfield code="3">IT\ICCU\CNCT\000117</subfield>
    <subfield code="4">650</subfield>
  </datafield>
  <datafield tag="790" ind1=" " ind2="0">
    <subfield code="a">Sere Stentato</subfield>
    <subfield code="3">IT\ICCU\CNCA\020062</subfield>
    <subfield code="z">Landi, Giulio</subfield>
  </datafield>
  <datafield tag="790" ind1=" " ind2="1">
    <subfield code="a">Fini,</subfield>
    <subfield code="b">Alemanio</subfield>
    <subfield code="3">IT\ICCU\CNCA\014112</subfield>
    <subfield code="z">Fino, Alemanio</subfield>
  </datafield>
  <datafield tag="790" ind1=" " ind2="1">
    <subfield code="a">Finus,</subfield>
    <subfield code="b">Alemanius</subfield>
    <subfield code="3">IT\ICCU\CNCA\022573</subfield>
    <subfield code="z">Fino, Alemanio</subfield>
  </datafield>
  <datafield tag="791" ind1="0" ind2="0">
    <subfield code="a">Comes, Franciscus</subfield>
    <subfield code="3">IT\ICCU\CNCT\003107</subfield>
    <subfield code="z">Conti, Francesco</subfield>
  </datafield>
  <datafield tag="801" ind1=" " ind2="3">
    <subfield code="a">IT</subfield>
    <subfield code="b">ICCU</subfield>
    <subfield code="c">20201114</subfield>
  </datafield>
  <datafield tag="899" ind1=" " ind2=" ">
    <subfield code="a">Biblioteca nazionale Sagarriga Visconti-Volpi. Bari</subfield>
    <subfield code="1">BA0018</subfield>
    <subfield code="2">BA1 BA</subfield>
  </datafield>
  <datafield tag="899" ind1=" " ind2=" ">
    <subfield code="a">Biblioteca Apostolica Vaticana. Citt ̉del Vaticano</subfield>
    <subfield code="1">EX0001</subfield>
    <subfield code="2">ZCV 01</subfield>
  </datafield>
  <datafield tag="899" ind1=" " ind2=" ">
    <subfield code="a">Biblioteca nazionale centrale. Firenze</subfield>
    <subfield code="1">FI0098</subfield>
    <subfield code="2">CFI CF</subfield>
  </datafield>
  <datafield tag="899" ind1=" " ind2=" ">
    <subfield code="a">Biblioteca nazionale Braidense. Milano</subfield>
    <subfield code="1">MI0185</subfield>
    <subfield code="2">MIL NB</subfield>
  </datafield>
  <datafield tag="899" ind1=" " ind2=" ">
    <subfield code="a">Biblioteca civica. Padova</subfield>
    <subfield code="1">PD0090</subfield>
    <subfield code="2">PUV 55</subfield>
  </datafield>
  <datafield tag="899" ind1=" " ind2=" ">
    <subfield code="a">British Library. London</subfield>
    <subfield code="1">UK0001</subfield>
  </datafield>
</record>
</collection>
